% The example bibliographical entries below were borrowed from the
% <https://www.ctan.org/pkg/biblatex-iso690> package documentation.

% BORGMAN, Christine L., 2003. From Gutenberg to the global information
% infrastructure: access to information in the networked world. First. Cambridge
% (Mass): The MIT Press. ISBN 0-262-52345-0 [xviii, 324]

@BOOK{borgman03,
  author    = {Borgman, Christine L.},
  date      = {2003},
  title     = {From Gutenberg to the global information infrastructure},
  subtitle  = {access to information in the networked world},
  edition   = {1}, % should not be stated
  location  = {Cambridge (Mass)},
  publisher = {The MIT Press},
  pagetotal = {xviii, 324},
  isbn      = {0-262-52345-0},
  langid    = {english}
}

% GREENBERG, David, 1998. Camel drivers and gatecrashers: quality control in
% the digital research library. In: HAWKINS, B.L et al. (eds.). The mirage of
% continuity: reconfiguring academic information resources for the 21st
% century.  Washington (D.C.): Council on Library and Information Resources;
% Association of American Universities, pp. 105–116

@INCOLLECTION{greenberg98,
  crossref  = {mirage98},
  author    = {Greenberg, David},
  title     = {Camel drivers and gatecrashers},
  subtitle  = {quality control in the digital research library},
  pages     = {105-116},
}

@COLLECTION{mirage98,
  title     = {The mirage of continuity},
  subtitle  = {reconfiguring academic information
               resources for the 21st century},
  editor    = {Hawkins, B.L and Battin, P},
  date      = {1998},
  location  = {Washington (D.C.)},
  publisher = {Council on Library and Information Resources;
               Association of American Universities},
  langid    = {english}
}

% LYNCH, C., 2005. Where do we go from here?: the next decade for digital
% libraries. DLib Magazine [online]. Vol. 11, no. 7/8 [visited on 2005-08-15].
% ISSN 1082-9873.  Available from:
% http://www.dlib.org/dlib/july05/lynch/07lynch.html

@ARTICLE{sagraloff13,
  author   = {Sagraloff, Michael and Mehlhorn, Kurt},
  title    = {Computing Real Roots of Real Polynomials - An Efficient Method Based on Descartes' Rule of Signs and Newton Iteration},
  url      = {https://www.researchgate.net/publication/255971984_Computing_Real_Roots_of_Real_Polynomials_-_An_Efficient_Method_Based_on_Descartes'_Rule_of_Signs_and_Newton_Iteration},
  urldate  = {2019-03-22}
}

@ARTICLE{lynch05,
  crossref = {dlib},
  author   = {Lynch, C.},
  title    = {Where do we go from here?},
  subtitle = {the next decade for digital libraries},
  url      = {http://www.dlib.org/dlib/july05/lynch/07lynch.html},
  urldate  = {2005-08-15}
}

@PERIODICAL{dlib,
  journaltitle = {DLib Magazine},
  date         = {2005},
  volume       = {11},
  number       = {7/8},
  issn         = {1082-9873},
  langid       = {english},
}

% HÀN, Thé Thành, 2001. Micro-typographic extensions to the TEX type- setting
% system [online]. Brno [visited on 2016-12-09]. Available from:
% http://www.pragma-ade.nl/pdftex/thesis.pdf. PhD thesis. The Faculty of
% Informatics, Masaryk University.

@PHDTHESIS{thanh01,
  author      = {Hàn Thé, Thành},
  title       = {Micro-typographic extensions to the \TeX{} typesetting system},
  date        = {2001},
  institution = {The Faculty of Informatics, Masaryk University},
  location    = {Brno},
  url         = {http://www.pragma-ade.nl/pdftex/thesis.pdf},
  urldate     = {2016-12-09},
  langid      = {english}
}

% SHANNON, Claude Elwood, 1940. A symbolic analysis of relay and switching
% circuits. Available from DOI: 1721.1/11173. Master’s thesis.  Massachusetts
% Institute of Technology.

@MASTERSTHESIS{shannon40,
  author      = {Shannon, Claude Elwood},
  title       = {A symbolic analysis of relay and switching circuits},
  date        = {1940},
  institution = {Massachusetts Institute of Technology},
  langid      = {english},
  doi         = {1721.1/11173},
}

% EHLINGER JR., Philip Charles. Device for the treatment of hiccups. US.
% US Patent, 7062320.

@PATENT{ehlinger06,
  author   = {Ehlinger Jr., Philip Charles},
  title    = {Device for the treatment of hiccups},
  type     = {US Patent},
  location = {US},
  date     = {2006},
  number   = {7062320},
  langid   = {english}
}

% Masaryk University, 1996–2009 [online]. Brno: Masaryk University
% [visited on 2016-12-09]. Available from: https://www.muni.cz/en.

@ONLINE{muni,
  publisher = {Masaryk University},
  title     = {Masaryk University},
  date      = {1996/2009},
  url       = {https://www.muni.cz/en},
  urldate   = {2016-12-09},
  location  = {Brno},
  langid    = {english}
}

@InProceedings{10.1007/11841036_72,
author="Tsigaridas, Elias P.
and Emiris, Ioannis Z.",
editor="Azar, Yossi
and Erlebach, Thomas",
title="Univariate Polynomial Real Root Isolation: Continued Fractions Revisited",
booktitle="Algorithms -- ESA 2006",
year="2006",
publisher="Springer Berlin Heidelberg",
address="Berlin, Heidelberg",
pages="817--828",
isbn="978-3-540-38876-0"
}

@book{yap2000fundamental,
  title={Fundamental Problems of Algorithmic Algebra},
  author={Yap, C.K.},
  isbn={9780195125160},
  lccn={98053667},
  year={2000},
  publisher={Oxford University Press}
}

@inproceedings{Collins:1976,
 author = {Collins, George E. and Akritas, Alkiviadis G.},
 title = {Polynomial Real Root Isolation Using Descarte's Rule of Signs},
 booktitle = {Proceedings of the Third ACM Symposium on Symbolic and Algebraic Computation},
 series = {SYMSAC '76},
 year = {1976},
 location = {Yorktown Heights, New York, USA},
 pages = {272--275},
 numpages = {4},
 url = {http://doi.acm.org/10.1145/800205.806346},
 doi = {10.1145/800205.806346},
 acmid = {806346},
 publisher = {ACM},
 address = {New York, NY, USA},
}

@book{ganzha2005computer,
  title={Computer Algebra in Scientific Computing: 8th International Workshop, CASC 2005, Kalamata, Greece, September 12-16, 2005, Proceedings},
  author={Ganzha, V.G. and Ganzha, V.G. and Mayr, E.W. and Vorozhtsov, E.V.},
  isbn={9783540289661},
  lccn={2005932112},
  series={Lecture Notes in Computer Science},
  url={https://books.google.cz/books?id=b1EJiCZShKoC},
  year={2005},
  publisher={Springer}
}

@inproceedings{Yun:1976:SDA:800205.806320,
 author = {Yun, David Y.Y.},
 title = {On Square-free Decomposition Algorithms},
 booktitle = {Proceedings of the Third ACM Symposium on Symbolic and Algebraic Computation},
 series = {SYMSAC '76},
 year = {1976},
 location = {Yorktown Heights, New York, USA},
 pages = {26--35},
 numpages = {10},
 url = {http://doi.acm.org/10.1145/800205.806320},
 doi = {10.1145/800205.806320},
 acmid = {806320},
 publisher = {ACM},
 address = {New York, NY, USA},
}

@article{gauss1828,
author = {Gauß, Carl Friedrich},
journal = {Journal für die reine und angewandte Mathematik},
language = {ger},
pages = {1-4},
title = {Beweis eines algebraischen Lehrsatzes.},
url = {http://eudml.org/doc/183116},
volume = {3},
year = {1828},
}

@book{descartes2007geometry,
  title={The Geometry of Rene Descartes},
  author={Descartes, R.},
  isbn={9781602066922},
  series={Cosimo Classics},
  url={https://books.google.cz/books?id=3CQQh9fWLQgC},
  year={2007},
  publisher={COSIMO CLASSICS}
}


@article{DBLP:journals/corr/abs-1109-6279,
  author    = {Michael Sagraloff},
  title     = {When Newton meets Descartes: {A} Simple and Fast Algorithm to Isolate
               the Real Roots of a Polynomial},
  journal   = {CoRR},
  volume    = {abs/1109.6279},
  year      = {2011},
  url       = {http://arxiv.org/abs/1109.6279},
  archivePrefix = {arXiv},
  eprint    = {1109.6279},
  timestamp = {Mon, 13 Aug 2018 16:48:08 +0200},
  biburl    = {https://dblp.org/rec/bib/journals/corr/abs-1109-6279},
  bibsource = {dblp computer science bibliography, https://dblp.org}
}

@book{gathen_gerhard_2013,
Author = {Gathen, Joachim von zur and Gerhard, Jürgen},
ISBN = {9781107039032},
Publisher = {Cambridge University Press},
Title = {Modern Computer Algebra.},
Volume = {3rd ed},
URL = {http://ezproxy.muni.cz/login?url=https://search.ebscohost.com/login.aspx?direct=true&AuthType=ip,cookie,uid&db=nlebk&AN=574881&lang=cs&site=eds-live&scope=site},
Year = {2013},
}

@InProceedings{10.1007/3-540-07407-4_17,
author="Collins, George E.",
editor="Brakhage, H.",
title="Quantifier elimination for real closed fields by cylindrical algebraic decompostion",
booktitle="Automata Theory and Formal Languages 2nd GI Conference Kaiserslautern, May 20--23, 1975",
year="1975",
publisher="Springer Berlin Heidelberg",
address="Berlin, Heidelberg",
pages="134--183",
isbn="978-3-540-37923-2"
}

@article{edsarx.1803.0402920180101,
Author = {Davenport, J. H. and Locatelli, A. F. and Sankaran, G. K.},
Keywords = {Mathematics - Algebraic Geometry, Computer Science - Symbolic Computation, Mathematics - Algebraic Topology, 14P10, 57N99, 68W30},
Title = {Regular cylindrical algebraic decomposition.},
URL = {http://ezproxy.muni.cz/login?url=https://search.ebscohost.com/login.aspx?direct=true&AuthType=ip,cookie,uid&db=edsarx&AN=edsarx.1803.04029&lang=cs&site=eds-live&scope=site},
Year = {2018},
}

@book{LaValle:2006:PA:1213331,
 author = {LaValle, Steven M.},
 title = {Planning Algorithms},
 year = {2006},
 isbn = {0521862051},
 publisher = {Cambridge University Press},
 address = {New York, NY, USA},
}

@article{epidemicModeling,
author = {W. Brown, Christopher and El Kahoui, M'hammed and Novotni, Dominik and Weber, Andreas},
year = {2006},
month = {11},
pages = {1157-1173},
title = {Algorithmic methods for investigating equilibria in epidemic modeling},
volume = {41},
journal = {Journal of Symbolic Computation},
doi = {10.1016/j.jsc.2005.09.011}
}

@InProceedings{10.1007/978-3-642-32347-8_1,
author="Paulson, Lawrence C.",
editor="Beringer, Lennart
and Felty, Amy",
title="MetiTarski: Past and Future",
booktitle="Interactive Theorem Proving",
year="2012",
publisher="Springer Berlin Heidelberg",
address="Berlin, Heidelberg",
pages="1--10",
abstract="A brief overview is presented of MetiTarski [4], an automatic theorem prover for real-valued special functions: ln , {\$}{\backslash}exp{\$}, sin, cos, etc. MetiTarski operates through a unique interaction between decision procedures and resolution theorem proving. Its history is briefly outlined, along with current projects. A simple collision avoidance example is presented.",
isbn="978-3-642-32347-8"
}


@Article{Wilson2014,
author="Wilson, D. J.
and Bradford, R. J.
and Davenport, J. H.
and England, M.",
title="Cylindrical Algebraic Sub-Decompositions",
journal="Mathematics in Computer Science",
year="2014",
month="Jun",
day="01",
volume="8",
number="2",
pages="263--288",
issn="1661-8289",
doi="10.1007/s11786-014-0191-z",
url="https://doi.org/10.1007/s11786-014-0191-z"
}

@article{Arnon:1984:CAD:2054.2069,
 author = {Arnon, Dennis S. and Collins, George E. and McCallum, Scott},
 title = {Cylindrical Algebraic Decomposition I:  The Basic Algorithm},
 journal = {SIAM J. Comput.},
 issue_date = {Nov. 1984},
 volume = {13},
 number = {4},
 month = nov,
 year = {1984},
 issn = {0097-5397},
 pages = {865--877},
 numpages = {13},
 url = {http://dx.doi.org/10.1137/0213054},
 doi = {10.1137/0213054},
 acmid = {2069},
 publisher = {Society for Industrial and Applied Mathematics},
 address = {Philadelphia, PA, USA},
} 

